@article{CMS:2016srs,
	author         = "CMS Collaboration",
	title          = "{Measurement of the differential cross section for the
	production of a W (rightarrow munu) boson in association
	with jets at sqrt(s) = 13 TeV}",
	collaboration  = "CMS",
	year           = "2016",
	reportNumber   = "CMS-PAS-SMP-16-005",
	SLACcitation   = "%%CITATION = CMS-PAS-SMP-16-005;%%"
}
